<?xml version="1.0" encoding="UTF-8"?><collection xmlns="http://www.loc.gov/MARC21/slim"><record><leader>00440nam--2200145-i-4500</leader><controlfield tag="001">000013698</controlfield><controlfield tag="002">20161230</controlfield><controlfield tag="005">20161230201030</controlfield><controlfield tag="008">060222s1000------------r-----000-0-eng-d</controlfield><datafield ind1=" " ind2=" " tag="080"><subfield code="a">621.039</subfield></datafield><datafield ind1=" " ind2=" " tag="100"><subfield code="a">Brenner, Robert D .,Rycroff Robert W</subfield></datafield><datafield ind1=" " ind2=" " tag="245"><subfield code="a">Nuclearenergy facility siting in the united states :implications of the intern. experience</subfield></datafield><datafield ind1=" " ind2=" " tag="260"><subfield code="a">Princeton, University, 1981 107 P</subfield></datafield><datafield ind1=" " ind2=" " tag="490"><subfield code="a">Research Monograph</subfield></datafield><datafield ind1=" " ind2=" " tag="852"><subfield code="a">49233</subfield></datafield></record></collection>